<record><leader>00000cas a2200000 a 4500</leader><controlfield tag="001">23599167</controlfield><controlfield tag="008">910424d192719uuiluwr ne      0   c0rus c</controlfield><datafield ind1=" " ind2=" " tag="010"><subfield code="a">sn 91066469 </subfield></datafield><datafield ind1=" " ind2=" " tag="040"><subfield code="a">NYS</subfield><subfield code="b">eng</subfield><subfield code="c">NYS</subfield><subfield code="d">NVF</subfield><subfield code="d">OCLCQ</subfield><subfield code="d">OCLCF</subfield><subfield code="d">OCLCO</subfield><subfield code="d">NVF</subfield><subfield code="d">OCLCO</subfield><subfield code="d">OCL</subfield></datafield><datafield ind1=" " ind2=" " tag="019"><subfield code="a">269213782</subfield></datafield><datafield ind1=" " ind2=" " tag="042"><subfield code="a">pcc</subfield></datafield><datafield ind1=" " ind2=" " tag="043"><subfield code="a">n-us---</subfield></datafield><datafield ind1="0" ind2="0" tag="245"><subfield code="a">Russkoe obozri&#65056;e&#65057;ni&#772;e =</subfield><subfield code="b">Russian review.</subfield></datafield><datafield ind1="3" ind2="1" tag="246"><subfield code="a">Russian review</subfield></datafield><datafield ind1=" " ind2=" " tag="260"><subfield code="a">Chicago, Ill. :</subfield><subfield code="b">Russian Review Pub. Co.</subfield></datafield><datafield ind1=" " ind2=" " tag="300"><subfield code="a">volumes</subfield></datafield><datafield ind1=" " ind2=" " tag="310"><subfield code="a">Weekly</subfield></datafield><datafield ind1="1" ind2=" " tag="362"><subfield code="a">Began in 1927?</subfield></datafield><datafield ind1=" " ind2=" " tag="500"><subfield code="a">Russian title romanized.</subfield></datafield><datafield ind1=" " ind2=" " tag="546"><subfield code="a">In Russian.</subfield></datafield><datafield ind1=" " ind2=" " tag="588"><subfield code="a">Description based on: Vol. 3, no. 9 (Sept. 7, 1929).</subfield></datafield><datafield ind1=" " ind2=" " tag="588"><subfield code="a">Latest issue consulted: Sept. 13, 1930.</subfield></datafield><datafield ind1=" " ind2="0" tag="650"><subfield code="a">Russian Americans</subfield><subfield code="z">Illinois</subfield><subfield code="z">Chicago</subfield><subfield code="v">Newspapers.</subfield></datafield><datafield ind1=" " ind2="0" tag="650"><subfield code="a">Russian newspapers</subfield><subfield code="z">Illinois</subfield><subfield code="z">Chicago.</subfield></datafield><datafield ind1=" " ind2="0" tag="650"><subfield code="a">Russians</subfield><subfield code="z">United States</subfield><subfield code="v">Newspapers.</subfield></datafield><datafield ind1=" " ind2="7" tag="655"><subfield code="a">Newspapers.</subfield><subfield code="2">fast</subfield><subfield code="0">(OCoLC)fst01423814</subfield></datafield><datafield ind1=" " ind2="7" tag="650"><subfield code="a">Russian Americans.</subfield><subfield code="2">fast</subfield><subfield code="0">(OCoLC)fst01101969</subfield></datafield><datafield ind1=" " ind2="7" tag="650"><subfield code="a">Russian newspapers.</subfield><subfield code="2">fast</subfield><subfield code="0">(OCoLC)fst01102372</subfield></datafield><datafield ind1=" " ind2="7" tag="650"><subfield code="a">Russians.</subfield><subfield code="2">fast</subfield><subfield code="0">(OCoLC)fst01102429</subfield></datafield><datafield ind1=" " ind2="7" tag="651"><subfield code="a">Illinois</subfield><subfield code="z">Chicago.</subfield><subfield code="2">fast</subfield><subfield code="0">(OCoLC)fst01204048</subfield></datafield><datafield ind1=" " ind2="7" tag="651"><subfield code="a">United States.</subfield><subfield code="2">fast</subfield><subfield code="0">(OCoLC)fst01204155</subfield></datafield><datafield ind1=" " ind2=" " tag="752"><subfield code="a">United States</subfield><subfield code="b">Illinois</subfield><subfield code="c">Cook County</subfield><subfield code="d">Chicago.</subfield></datafield></record>